@article{Lo1995,
	title = {Artificial convolution neural network for medical image pattern recognition},
	author = {Lo, Shih-Chung B. and Chan, Heang-Ping and Lin, Jyh-Shyan and Li, Huai and Freedman, Matthew T. and Mun, Seong K.},
	journal = {Neural Networks},
	volume = {8},
	number = {7â€“8},
	pages = {1201 - 1214},
	year = {1995},
	note = {Automatic Target Recognition},
	issn = {0893-6080},
	doi = {http://dx.doi.org/10.1016/0893-6080(95)00061-5},
	url = {\url{http://www.sciencedirect.com/science/article/pii/0893608095000615}},
	language={English}
}

@article{Lo1998,
	title={Application of Artificial Neural Networks to Medical Image Pattern Recognition: Detection of Clustered Microcalcifications on Mammograms and Lung Cancer on Chest Radiographs},
	author={Lo, Shih-Chung B. and Lin, Jyh-Shyan J. and Freedman, Matthew T. and Mun, Seong K.},
	year={1998},
	journal={Journal of VLSI signal processing systems for signal, image and video technology},
	volume={18},
	number={3},
	doi={10.1023/A:1007941315275},
	url={\url{http://dx.doi.org/10.1023/A:3A1007941315275}},
	publisher={Kluwer Academic Publishers},
	issn={0922-5773},
	pages={263-274},
	language={English}
}
