@article{Lo1995,
	title = {Artificial convolution neural network for medical image pattern recognition},
	author = {Lo, Shih-Chung B. and Chan, Heang-Ping and Lin, Jyh-Shyan and Li, Huai and Freedman, Matthew T. and Mun, Seong K.},
	journal = {Neural Networks},
	volume = {8},
	number = {7â€“8},
	pages = {1201 - 1214},
	year = {1995},
	note = {Automatic Target Recognition},
	issn = {0893-6080},
	doi = {http://dx.doi.org/10.1016/0893-6080(95)00061-5},
	url = {\url{http://www.sciencedirect.com/science/article/pii/0893608095000615}},
	language={English}
}

@article{Lo1998,
	title={Application of Artificial Neural Networks to Medical Image Pattern Recognition: Detection of Clustered Microcalcifications on Mammograms and Lung Cancer on Chest Radiographs},
	author={Lo, Shih-Chung B. and Lin, Jyh-Shyan J. and Freedman, Matthew T. and Mun, Seong K.},
	year={1998},
	journal={Journal of VLSI signal processing systems for signal, image and video technology},
	volume={18},
	number={3},
	doi={10.1023/A:1007941315275},
	url={\url{http://dx.doi.org/10.1023/A:3A1007941315275}},
	publisher={Kluwer Academic Publishers},
	issn={0922-5773},
	pages={263-274},
	language={English}
}

@techreport{CSR2014,
	title = {SEER Cancer Statistics Review, 1975-2011},
	author = {Howlader, Nadia and Noone, Anne M. and Krapcho, Martin F. and Garshell, J. and Miller, Denise A. and Altekruse, Sean F. and Kosary, Carol L. and  Yu, Mandi and  Ruhl, Jennifer and Tatalovich, Zaria and Mariotto, Angela B. and Lewis, Denise R. and Chen, Huann S. and Feuer, Eric J. and Cronin, Kathleen A.},
	institution = {National Cancer Institute},
	address = {Bethesda, MD},
	url = {\url{http://seer.cancer.gov/csr/1975_2011/}},
	year = {2014},
	month = {April},
	type = {electronic},
	note = {Available on \url{seer.cancer.gov/csr/1975_2011/}}
}

@techreport{MammogramFactSheet2014,
	title = {Mammogram Fact Sheet},
	author = {National Cancer Institute},
	institution = {National Cancer Institute},
	address = {Bethesda, MD},
	url = {\url{http://www.cancer.gov/cancertopics/types/breast/mammograms-fact-sheet}},
	year = {2014},
	month = {March},
	type = {electronic},
	note = {Available on \url{http://www.cancer.gov/cancertopics/types/breast/mammograms-fact-sheet}}
}
