@inproceedings{Heath2001,
	author = {Heath, Michael and Bowyer, Kevin and Kopans, Daniel and Moore, Richard and Kegelmeyer, W. Philip},
	title = {The Digital Database for Screening Mammography},
	booktitle = {Proceedings of the Fifth International Workshop on Digital Mammography},
	editor = {Yaffe, M.J.},
	pages = {212-218},
	publisher = {Medical Physics Publishing},
	year = {2001},
}

@article{Nepomuceno2011,
	author = {Nepomuceno Matheus, Bruno Roberto and Schiabel, Homero},
	title = {Online Mammographic Images Database for Development and Comparison of CAD Schemes},
	year = {2011},
	issn = {0897-1889},
	journal = {Journal of Digital Imaging},
	volume = {24},
	number = {3},
	publisher = {Springer-Verlag},
	pages = {500-506},
}

@article{Moreira2012,
	title = {INbreast: Toward a Full-field Digital Mammographic Database},
	author = {Moreira, Inês C. and Amaral, Igor and Domingues, Inês and Cardoso, António and Cardoso, Maria João and Cardoso, Jaime S.},
	journal = {Academic Radiology},
	volume = {19},
	number = {2},
	pages = {236-248},
	year = {2012},
	issn = {1076-6332},
}

@article{Zheng2012,
	author = {Zheng, B and Sumkin, J H and Zuley, M L and Lederman, D and Wang, X and Gur, D},
	title = {Computer-aided detection of breast masses depicted on full-field digital mammograms: a performance assessment},
	journal = {The British Journal of Radiology},
	volume = {85},
	number = {1014},
	pages = {e153-e161},
	year = {2012},
	doi = {10.1259/bjr/51461617},
	note ={PMID: 21343322},
}

@inbook{Sickles2013,
	author = {Sickles, EA and D'Orsi, CJ and Bassett, LW},
	title = {{ACR BI-RADS} Atlas, Breast Imaging Reporting and Data System},
	chapter = {{ACR BI-RADS} Mammography},
	publisher = {American College of Radiology},
	address = {Reston, VA},
	edition = {5th},
	year = {2013},
}

@incollection{Ciresan2013,
	year = {2013},
	title = {Mitosis Detection in Breast Cancer Histology Images with Deep Neural Networks},
	isbn = {978-3-642-40762-8},
	booktitle = {Medical Image Computing and Computer-Assisted Intervention – MICCAI 2013},
	volume = {8150},
	series = {Lecture Notes in Computer Science},
	editor = {Mori, Kensaku and Sakuma, Ichiro and Sato, Yoshinobu and Barillot, Christian and Navab, Nassir},
	publisher = {Springer Berlin Heidelberg},
	author = {Cireşan, Dan C. and Giusti, Alessandro and Gambardella, Luca M. and Schmidhuber, Jürgen},
	pages = {411-418},
}

